<?xml version="1.0" encoding="UTF-8"?><collection xmlns="http://www.loc.gov/MARC21/slim"><record><leader>00421nam--2200145-i-4500</leader><controlfield tag="001">000032361</controlfield><controlfield tag="002">20161230</controlfield><controlfield tag="005">20161230201039</controlfield><controlfield tag="008">060222s1000------------r-----000-0-eng-d</controlfield><datafield ind1=" " ind2=" " tag="080"><subfield code="a">669</subfield></datafield><datafield ind1=" " ind2=" " tag="100"><subfield code="a">Mech, M.I., Parr, N.L</subfield></datafield><datafield ind1=" " ind2=" " tag="245"><subfield code="a">Zone refining and allied techniques.with a foreword by e.j.vaughan</subfield></datafield><datafield ind1=" " ind2=" " tag="260"><subfield code="a">London, George Newnes Limited, 1960. Xvi+184p</subfield></datafield><datafield ind1=" " ind2=" " tag="490"><subfield code="a">Newnes Practical Science Books</subfield></datafield><datafield ind1=" " ind2=" " tag="852"><subfield code="a">75213</subfield></datafield></record></collection>